
%% Created for Jakob Suckale at 2007-09-06 11:30:44 +0200 


%% Saved with string encoding Unicode (UTF-8) 

@mastersthesis{thiep10,
	author={Nguyễn Ngọc Thiệp},
	title={MỘT SỐ PHƯƠNG PHÁP KHAI PHÁ DỮ LIỆU QUAN HỆ TRONG TÀI CHÍNH VÀ CHỨNG KHOÁN (MÔ HÌNH ARIMA) },
	school={Đại học Công Nghệ, ĐHQG Hà Nội},
	year={2010},
}


@article{chuong07,
	Author = {Ông Nguyên Chương},
	Journal = {Tạp chí khoa học số 19/2007},
	school={Đại học Đà Nẵng},
	Title = {MÔ HÌNH ARIMA VỚI PHƯƠNG PHÁP BOX – JENKINS VÀ ỨNG DỤNG ĐỂ DỰ BÁO LẠM PHÁT CỦA VIỆT NAM
},
	Year = {2007}}

@article{efin,
	Date-Added = {2005-03-15},
	Journal = {eFinance},
	volume = {21},
	Title = {Liên quan tới khái niệm về dự báo},
	Year = {2005}}

@book{tsa2,
       author = {Jonathan D. Cryer; Kung-Sik Chan},
       year = {2008},
       title = {Time Series Analysis: With Applications in R},
       edition={2nd},
       publisher = {Springer},
       address = {Berlin}
     }
@book{tsa3,
       author = {Robert H. Shumway; David S. Stoffer},
       year = {2010},
       title = {Time Series Analysis and Its Applications: With R Examples},
       edition={3rd},
       publisher = {Springer},
       address = {Berlin}
}
@book{afts3,
       author = {Ruey S. Tsay},
       year = {2010},
       title = {Analysis of Financial Time Series},
       edition={3rd},
       publisher = {Wiley}
}

@book{acts1,
       author = {Daniel Peña; George C. Tiao; Ruey S. Tsay},
       year = {2000},
       title = {A Course in Time Series Analysis},
       edition={1st},
       publisher = {Wiley }
}

@book{tsaum,
       author = {William W.S. Wei},
       year = {2005},
       title = {Time Series Analysis : Univariate and Multivariate Methods},
       edition={2nd},
       publisher = {Wiley }
}

@book{cits,
       author = {Ajoy K. Palit; Dobrivoje Popovic},
       year = {2005},
       title = {Computational Intelligence in Time Series Forecasting: Theory and Engineering Applications},
       edition={1st},
       publisher = {Springer},
       address = {Berlin}
     }

@unpublished{ross,
       author = {Ross Ihaka},
       year = {2005},
       title = {Time Series Analysis},
       series={Lecture Notes for 475.726. University of Auckland},
       address = {New Zealand}
     }

@incollection{m85,
       author={Maskin, Eric S.},
       year={1985},
       title={The theory of implementation in {N}ash equilibrium: a survey},
       booktitle={Social Goals and Social Organization},
       editor={Leonid Hurwicz and David Schmeidler and Hugo Sonnenschein},
       pages={173-204},
       publisher={Cambridge University Press},
       addess={Cambridge}
     }
     
@book{bow79,
	author = {Bowerman, B. L.; O'Connell},
       year = {1979},
       title = {Time Series and Forecasting},
       edition={1st},
       publisher = {Duxbury Press},
       address = {North Scituate, Massachusetts.}
}

@book{tiao,
	author = {Tsay, R. S.; Tiao, G. C.},
       year = {1984},
       title = {Consistent estimates of autoregressive parameters and 
extended sample autocorrelation function for stationary and nonstationary ARMA models.},
       publisher = {J. Am. Stat. Assoc},
       page={84-96}
}

@article{wid60,
	Author = {Widrow B ; Hoff ME},
	Journal = {Anderson J and 
Rosenfeld E. (eds.) Neurocomputing},
	pages={126-134},
	Title = {Adaptive Switching Circuits},
	Year = {1960}}
	
	@book{rum86,
	author = {Rumelhart D. E; McClelland},
       year = {1986},
       title = {Parallel Distributed Processing: Explorations 
in the Microstructure of Cognition},
       publisher = {MIT Press},
       address = {Cambridge, MA}
}

@book{flo95,
	author = {Flood, J.E.},
       year = {1995},
       title = {Telecommunication Switching Traffic and Networks},
       publisher = {Prentice Hall}
}

@book{box94,
	author = {Box G.;Jenkins G.M.; Reinsel G.},
       year = {1994},
       title = {Time series analysis: Forecasting and control},
       publisher = {Prentice Hall},
       edition={3rd}
}


@conference{hec87,
	Author = {Hecht-Nielsen R},
	Journal = {IEEE Conf. On Neural Networks},
	pages={11-14},
	Title = {Kolmogorov’s Mapping Neural Network Existence 
Theorem},
volume={III},
	Year = {1987},address={San Diego, CA}}


@article{sha06,
	Author = {Sharif, M., Burn, D.H.,},
	Journal = {Journal of Hydrology 325 (1–4)},
	pages={179–196},
	Title = {Simulating climate change scenarios using
an improved K-nearest neighbor model},
	Year = {2006}}
	
@article{Zhang05,
title = "Neural network forecasting for seasonal and trend time series",
journal = "European Journal of Operational Research",
volume = "160",
number = "2",
pages = "501 - 514",
year = "2005",
author = "G.Peter Zhang and Min Qi"
}

@article{df79,
	Author = {Dickey, D.A.; W.A. Fuller},
	Journal = {Journal of the American Statistical Association},
	pages={427-431},
	Title = {Distribution of the Estimators for Autoregressive Time Series with a Unit Root},
	Year = {1979},volume={74}}
	
@article{ff88,
	Author = {Phillips, P.C.B; P. Perron},
	Journal = {Biometrika},
	pages={335–346},
	Title = {Testing for a Unit Root in Time Series Regression},
	Year = {1988},volume={75}}


@article{ell96,
	Author = {Elliott, G.; Rothenberg, T. J.; J. H. Stock},
	Journal = {Econometrica},
	pages={813–836},
	Title = {Efficient Tests for an Autoregressive Unit Root},
	Year = {1996},volume={64}}

	@article{bc64,
	Author = {Box, George E. P.; Cox, D. R},
	Journal = {Journal of the Royal Statistical Society},
	pages={211-252},
	Title = {An analysis of transformations},
	Year = {1964},series={Series B 26}}
	
	Shapiro, S. S.; Wilk, M. B. (1965). "An analysis of variance test for normality (complete samples)". Biometrika 52 (3-4): 591–611.
	
		@article{sw65,
	Author = {Shapiro, S. S.; Wilk, M. B.},
	Journal = {Biometrika},
	pages={591–611},
	Title = {An analysis of variance test for normality (complete samples)},
	Year = {1965}}


	@article{aka73,
	Author = {Akaike, H.},
	Journal = {Biometrika},
	pages={255-266},
	Title = {Maximum likelihood identification of Gaussian auto-regressive
moving-average models},
	Year = {1973}}
	
			@article{lb78,
	Author = {G. M. Ljung; G. E. P. Box},
	Journal = {Biometrika},
	pages={297–303},
	Title = {On a Measure of a Lack of Fit in Time Series Models},
	Year = {1978},volume={2}}
	
	@book{cha07,
       author = {Charpentier E., Lesne A., Nikolski N. K.},
       year = {2007},
       title = {Kolmogorov's Heritage in Mathematics},
       edition={1st},
       publisher = {Springer}
}

			@article{lip87,
	Author = {Lippmann R.P.},
	Journal = {IEEE ASSP 
Magazine},
	pages={4–22},
	Title = {An introduction to computing with neural nets},
	Year = {1987}}
	

@techreport{cyb88,
	Author = {Cybenko G.},
	Title = {Continuous valued neural networks with two hidden layers are 
sufficient},
	Year = {1988},institution={Taft University}}
	


			@article{bau89,
	Author = {Baum EB; Haussler D },
	Journal = {Neural Computation},
	pages={151–160},
	Title = {What Size Net Gives Valid Generalisation?},
	Year = {1989}}
