
%% Created for Jakob Suckale at 2007-09-06 11:30:44 +0200 


%% Saved with string encoding Unicode (UTF-8) 



@article{name06,
	Author = {Name},
	Date-Added = {2007-09-06 11:30:06 +0200},
	Date-Modified = {2007-09-06 11:30:42 +0200},
	Journal = {Journal of Sth},
	Title = {Title},
	Year = {2006}}

@article{lastname07,
	Author = {Lastname},
	Date-Added = {2007-09-06 11:28:24 +0200},
	Date-Modified = {2007-09-06 11:29:24 +0200},
	Journal = {Journal of Sth},
	Title = {Title},
	Year = {2007}}
